@book{designPatterns,
  title  = {Design Patterns},
  author = {Gamma, Erich and Helm, Richard and Johnson, Ralph and Vlissides, John},
  year   = 1994,
  isbn   = {0-201-63361-2}
}

@book{cleanCode,
  title  = {Clean Code},
  author = {Martin, Robert C.},
  year   = 2008
}

@article{quantitativeInvestigationRiskCodeMetrics,
  author  = {Shatnawi, Raed},
  year    = {2010},
  month   = {03},
  pages   = {216-225},
  title   = {Shatnawi, R.: A Quantitative Investigation of the Acceptable Risk levels of Object-Oriented Metrics in Open-Source Systems. IEEE Transactions on Software Engineering 36(2), 216-225},
  volume  = {36},
  journal = {IEEE Trans. Software Eng.},
  doi     = {10.1109/TSE.2010.9}
}

@misc{gitSubtree,
  title   = {Git subtree: the alternative to Git submodule},
  author  = {Paolucci, Nicola },
  journal = {Atlassian Bitbucket Tutorials},
  url     = {https://www.atlassian.com/git/tutorials/git-subtree}
}